% This file was created with JabRef 2.10.
% Encoding: Cp1252


@InProceedings{conf/dsn/KillourhyM09,
  Title                    = {Comparing anomaly-detection algorithms for keystroke dynamics.},
  Author                   = {Killourhy, Kevin S. and Maxion, Roy A.},
  Booktitle                = {DSN},
  Year                     = {2009},
  Pages                    = {125-134},
  Publisher                = {IEEE},

  Added-at                 = {2011-12-20T00:00:00.000+0100},
  Biburl                   = {http://www.bibsonomy.org/bibtex/2d3e17ed217ae34e41fbbbf6ea14158dd/dblp},
  Crossref                 = {conf/dsn/2009},
  Ee                       = {http://doi.ieeecomputersociety.org/10.1109/DSN.2009.5270346},
  Interhash                = {b058a493283ce89cd37f61c9882ed515},
  Intrahash                = {d3e17ed217ae34e41fbbbf6ea14158dd},
  Keywords                 = {dblp},
  Timestamp                = {2011-12-21T11:35:05.000+0100},
  Url                      = {http://dblp.uni-trier.de/db/conf/dsn/dsn2009.html#KillourhyM09}
}

