%% This BibTeX bibliography file was created using BibDesk.
%% http://bibdesk.sourceforge.net/


%% Created for Roland Lehner at 2014-06-24 21:16:59 +0200 


%% Saved with string encoding Unicode (UTF-8) 



@article{realtekprogrammingguide,
	Author = {Mac Attack},
	Date-Added = {2014-06-23 07:41:33 +0000},
	Date-Modified = {2014-06-23 07:43:35 +0000},
	Title = {Realtek Wi-Fi Direct Programming Guide},
	Urldate = {http://dishingtech.blogspot.co.at/2012/01/realtek-wi-fi-direct-programming-guide.html},
	Year = {2012}}

@misc{wifidonglev2,
	Author = {mandrugok},
	Date-Added = {2014-06-23 07:31:00 +0000},
	Date-Modified = {2014-06-24 19:16:34 +0000},
	Month = {August},
	Title = {TP-LINK TL-WN725N v2 working on Raspberry Pi (Raspbian)},
	Urldate = {http://www.mendrugox.net/2013/08/tp-link-tl-wn725n-v2-working-on-raspberry-raspbian/},
	Year = {2013}}

@article{c2cmanifesto,
	Author = {Car 2 Car Communication Consortium},
	Date-Added = {2014-06-23 07:16:10 +0000},
	Date-Modified = {2014-06-23 07:23:15 +0000},
	Month = {August},
	Pages = {94},
	Title = {CAR 2 CAR Communication Consortium Manifesto},
	Year = {2007}}

@article{wifialliance,
	Author = {Wi-Fi Alliance},
	Month = {October},
	Owner = {Wi-Fi Alliance},
	Pages = {14},
	Title = {Wi-Fi CERTIFIED Wi-Fi Direct},
	Year = {2010}}

@misc{wifip2p1,
	Author = {Gerdesmeier},
	Date-Added = {2014-06-1 18:31:00 +0000},
	Date-Modified = {2014-06-24 19:16:42 +0000},
	Month = {Juni},
	Title = {Wi-Fi Direct -- was ist das eigentlich},
	Urldate = {http://wifi-direct.net/wi-fi-direct-was-ist-das-eigentlich/},
	Year = {2011}}

@misc{wifip2p2,
	Author = {Google},
	Date-Added = {2014-04-20 19:00:00 +0000},
	Date-Modified = {2014-06-24 19:16:55 +0000},
	Month = {J{\"a}nner},
	Title = {Wi-Fi Peer-to-Peer},
	Urldate = {http://developer.android.com/guide/topics/connectivity/wifip2p.html},
	Year = {2014}}

@misc{wifip2p3,
	Author = {Google},
	Date-Added = {2014-04-16 19:00:00 +0000},
	Date-Modified = {2014-06-24 19:16:25 +0000},
	Month = {J{\"a}nner},
	Title = {Creating P2P Connections with Wi-Fi},
	Urldate = {http://developer.android.com/training/connect-devices-wirelessly/wifi-direct.html},
	Year = {2014}}

@misc{wifip2p4,
	Author = {ISB CORPORATION},
	Date-Added = {2014-04-30 19:00:00 +0000},
	Date-Modified = {2014-06-24 19:16:48 +0000},
	Month = {J{\"a}nner},
	Title = {Wi-Fi Direct Solution Service},
	Urldate = {http://www.isb.co.jp/product/mobile_solution/e/wifi_direct.html},
	Year = {2011}}
